@InProceedings{icml2021-vargp,
title={{Variational Auto-Regressive Gaussian Processes for Continual Learning}},
author={Kapoor, Sanyam and Karaletsos, Theofanis and Bui, Thang D.},
booktitle={Proceedings of the 37th International Conference on Machine Learning},
year={2021},
series={Proceedings of Machine Learning Research},
publisher={PMLR},
}

