@inproceedings{vargp2020,
  title={{Variational Auto-Regressive Gaussian Processes for Continual Learning}},
  author={\textbf{Kapoor, S.} and {Karaletsos, T.} and {Bui, T. D.}},
  year={2020},
  booktitle={ICML Workshop on Continual Learning},
  note={\url{https://arxiv.org/abs/2006.05468}}
}